@ONLINE{gtd:web,
  title = "Metoda GTD (Getting Things Done)",
  cited = "26.\,9.\,2008",
  year = 2008,
  url = "http://www.mitvsehotovo.cz/2008/09/metoda-gtd-getting-things-done/"
}

@ONLINE{gtd:wiki,
  author = "{Přispěvatelé Wikipedie}",
  title = "Getting Things Done",
  cited = "17.\,4.\,2012",
  year = 2012,
  url = "http://cs.wikipedia.org/wiki/Getting_Things_Done"
}

@Book{gtd:book,
  author =       "David Allen",
  title =        "Mít vše hotovo",
  publisher =    "Jan Melvil Publishing, s.r.o., Brno",
  edition =      "1st",
  year   = 2008,
  note =	"In Czech",
} 

@ONLINE{scrum,
  author = "Jan Horák",
  title = "Scrum - metoda agilního programování",
  cited = "5.\,11.\,2010",
  year = 2010,
  url = "http://wild-web.eu/blog/scrum-metoda-agilni-programovani/"
}

@ONLINE{rup,
  title = "RUP – Rational Unified Process",
  cited = "9.\,5.\,2012",
  year = 2012,
  url = "http://testovanisoftwaru.cz/manualni-testovani/modely-zivotniho-cyklu-softwaru/rup/"
}

@ONLINE{zivotnicyklus,
  title = "Životní cyklus produktu",
  cited = "9.\,5.\,2012",
  year = 2012,
  url = "http://testovanisoftwaru.cz/manualni-testovani/zivotni-cyklus-produktu/"
}

@ONLINE{userstory,
  author = "Zuzana Sochová",
  title = "Proč píšeme User Story?",
  cited = "2.\,11.\,2011",
  year = 2011,
  url = "http://soch.cz/blog/management/agile/proc-piseme-user-story/"
}

@ONLINE{tutorial:upload,
  author = "Serge Meunier",
  title = "Titanium Tutorial: How to upload a file to a server",
  cited = "3.\,7.\,2009",
  year = 2009,
  url = "http://www.smokycogs.com/blog/titanium-tutorial-how-to-upload-a-file-to-a-server/"
}

@ONLINE{selfpromo,
  author = "Ondřej Šatera",
  title = "Titanium Studio – napište si desktopovou aplikaci v JavaScriptu",
  cited = "20.\,2.\,2012",
  year = 2012,
  url = "http://programujte.com/clanek/2012020900-titanium-studio-napiste-si-desktopovou-aplikaci-v-javascriptu/"
}

@ONLINE{mustache,
  title = "Mustache - Logic-less templates",
  cited = "9.\,5.\,2012",
  year = 2012,
  url = "http://mustache.github.com/"
}

@ONLINE{gcode,
  title = "Google Code",
  cited = "9.\,5.\,2012",
  year = 2012,
  url = "http://code.google.com/"
}

@ONLINE{assembla,
  title = "Assembla",
  cited = "9.\,5.\,2012",
  year = 2012,
  url = "http://www.assembla.com/"
}

@ONLINE{github,
  title = "GitHub",
  cited = "9.\,5.\,2012",
  year = 2012,
  url = "http://www.github.com/"
}

@ONLINE{rest,
  title = "REST: architektura pro webové API",
  cited = "3.\,8.\,2009",
  year = 2019,
  url = "http://www.zdrojak.cz/clanky/rest-architektura-pro-webove-api/"
}

@ONLINE{json,
  title = "Introducing JSON",
  cited = "9.\,5.\,2012",
  year = 2012,
  url = "http://www.json.org/"
}

@ONLINE{prototypejs,
  title = "Prototype JavaScript framework",
  cited = "9.\,5.\,2012",
  year = 2012,
  url = "http://www.prototypejs.org/"
}

@ONLINE{scriptaculous,
  title = "script.aculo.us - web 2.0 javascript",
  cited = "9.\,5.\,2012",
  year = 2012,
  url = "http://script.aculo.us/"
}

@ONLINE{flash,
  author = "{Přispěvatelé Wikipedie}",
  title = "Adobe Flash",
  year = 2012,
  url = "http://cs.wikipedia.org/wiki/Adobe_Flash"
}

@ONLINE{silverlight,
  title = "Microsoft® Silverlight™",
  cited = "9.\,5.\,2012",
  year = 2012,
  url = "http://www.microsoft.com/cze/web/silverlight/"
}

@ONLINE{uml,
  title = "The Unified Modeling Language™",
  cited = "9.\,5.\,2012",
  year = 2012,
  url = "http://www.uml.org/"
}

@ONLINE{debian,
  title = "Debian -- Univerzální operační systém",
  cited = "9.\,5.\,2012",
  year = 2012,
  url = "http://www.debian.org/"
}

@ONLINE{mac,
  title = "Apple - OS X Lion - The world’s most advanced OS",
  cited = "9.\,5.\,2012",
  year = 2012,
  url = "http://www.apple.com/macosx/"
}

@ONLINE{jsunity,
  title = "jsUnity - Lightweight Universal JavaScript Unit Testing Framework",
  cited = "9.\,5.\,2012",
  year = 2012,
  url = "http://jsunity.com/"
}

@ONLINE{coffeescript,
  title = "CoffeeScript - a little language that compiles into JavaScript",
  cited = "9.\,5.\,2012",
  year = 2012,
  url = "http://coffeescript.org/"
}

@ONLINE{googleauth,
  title = "Issue Tracker Data API Developer Guide",
  cited = "9.\,5.\,2012",
  year = 2012,
  url = "http://code.google.com/p/support/wiki/IssueTrackerAPI#Authentication"
}

@ONLINE{assemblaauth,
  title = "Assembla REST API",
  cited = "9.\,5.\,2012",
  year = 2012,
  url = "http://www.assembla.com/spaces/breakoutdocs/wiki/Assembla_REST_API"
}

@ONLINE{github:summary,
  title = "GitHub API v3",
  cited = "9.\,5.\,2012",
  year = 2012,
  url = "http://developer.github.com/v3/#authentication"
}

@ONLINE{github:oauth,
  title = "OAuth | GitHub API",
  cited = "9.\,5.\,2012",
  year = 2012,
  url = "http://developer.github.com/v3/oauth/"
}

@ONLINE{sqlite,
  title = "SQLite",
  cited = "9.\,5.\,2012",
  year = 2012,
  url = "http://www.sqlite.org/"
}

@ONLINE{wiki:sameorigin,
  title = "{Přispěvatelé Wikipedie}",
  cited = "28.\,3.\,2012",
  year = 2012,
  url = "http://en.wikipedia.org/wiki/Same_origin_policy"
}